@misc{co2_eu, 
	title={CO2 emissions from cars: facts and figures (infographics): News: European Parliament}, 
	journal={CO2 emissions from cars: facts and figures (infographics) | News | European Parliament}, 
	year={2019}, 
	month={Apr}
}

@misc{co2_eu_law,
	author={Anonymous},
	title={Reducing CO2 emissions from passenger cars},
	journal={Climate Action - European Commission},
	year={2017},
	month={Feb}
}

@misc{ultimatespecs.com, 
	title={Volkswagen Golf 5 1.9 TDI 105}, 
	journal={ultimatespecs.com}
}
